
\begin{comment}
Aqui temos um exemplo de referências bibliográficas. Para mais exemplos, acesse
https://en.wikibooks.org/wiki/LaTeX/Bibliography_Management#BibTeX
\end{comment}

%Exemplo de um livro
@book{schell2014,
 author = {J. Schell},
 title = {The Art of Game Design: A Book of Lenses},
 year = {2014},
 isbn = {1466598646, 9781466598645},
 edition = {2nd},
 publisher = {A. K. Peters, Ltd.}
}

%Exemplo de um artigo publicado em revista 
@article{LIMA2018,
author = "P. Lima and E. Guerra and P. Meirelles and L. Kanashiro and H. Silva and F. Silveira",
keywords = "Code annotation, Software metrics, Thresholds",
title = "A Metrics Suite for Code Annotation Assessment",
journal = "Journal of Systems and Software",
volume = "137",
pages = "163 - 183",
year = "2018",
issn = "0164-1212",
doi = "https://doi.org/10.1016/j.jss.2017.11.024",
url = "http://www.sciencedirect.com/science/article/pii/S016412121730273X"
}

%Exemplo de um site
@online{latexMath,
  author = {WikiBooks},
  title = {{LaTeX/Mathematics}},
  url = {en.wikibooks.org/wiki/LaTeX/Mathematics},
  urldate = {2019-07-01}
}

%Exemplo de um artigo publicado em anais de congresso.
@inproceedings{Lima2017,
 author = {P. Lima and E. Guerra and M. Nardes and A. Mocci and G. Bavota and M. Lanza},
 title = {An Annotation-based API for Supporting Runtime Code Annotation Reading},
 booktitle = {Proceedings of the 2Nd ACM SIGPLAN International Workshop on Meta-Programming Techniques and Reflection},
 series = {Meta 2017},
 year = {2017},
 isbn = {978-1-4503-5523-0},
 location = {Vancouver, BC, Canada},
 pages = {6--14},
 numpages = {9},
 url = {http://doi.acm.org/10.1145/3141517.3141856},
 doi = {10.1145/3141517.3141856},
 acmid = {3141856},
 publisher = {ACM},
 address = {New York, NY, USA},
 keywords = {code annotation, framework development, metadata},
}

@inproceedings{unet,
author="Ronneberger, Olaf
and Fischer, Philipp
and Brox, Thomas",
title="U-Net: Convolutional Networks for Biomedical Image Segmentation",
year="2015",
publisher="Springer International Publishing",
address="Cham",
pages="234--241",
isbn="978-3-319-24574-4"
}



@inproceedings{unet_pp,
author={Zhou. Zongwei and Rahman. Siddiquee. Md. Mahfuzur},
title={UNet++: A Nested U-Net Architecture for Medical Image Segmentation},
year={2018},
publisher={Springer International Publishing},
address={Cham},
pages={3--11},
isbn={978-3-030-00889-5}
}

@inproceedings{unet_ppp,
  title={UNet 3+: A Full-Scale Connected UNet for Medical Image Segmentation},
  author={Huang, Huimin and Lin, Lanfen and Tong, Ruofeng and Hu, Hongjie and Zhang, Qiaowei and Iwamoto, Yutaro and Han, Xianhua and Chen, Yen-Wei and Wu, Jian},
  booktitle={ICASSP 2020-2020 IEEE International Conference on Acoustics, Speech and Signal Processing (ICASSP)},
  pages={1055--1059},
  year={2020},
  organization={IEEE}
}

